<?xml version="1.0" encoding="UTF-8"?><collection xmlns="http://www.loc.gov/MARC21/slim"><record><leader>00319nam--2200121-i-4500</leader><controlfield tag="001">000025268</controlfield><controlfield tag="002">20161230</controlfield><controlfield tag="005">20161230201035</controlfield><controlfield tag="008">060222s1000------------r-----000-0-eng-d</controlfield><datafield ind1=" " ind2=" " tag="080"><subfield code="a">661.1</subfield></datafield><datafield ind1=" " ind2=" " tag="245"><subfield code="a">Inovatii in industria de sticlarie. din experienta uzinelor noastre</subfield></datafield><datafield ind1=" " ind2=" " tag="260"><subfield code="a">Bucuresti, Idt., 1954. 17p</subfield></datafield><datafield ind1=" " ind2=" " tag="852"><subfield code="a">4477</subfield></datafield></record></collection>